@book{JADEbook,
  title={{Developing multi-agent systems with JADE}},
  author={Bellifemine, F.L. and Caire, G. and Greenwood, D.},
  isbn={9780470057476},
  lccn={2006036200},
  series={Wiley series in agent technology},
  url={http://books.google.com/books?id=eK_HENgDXkAC},
  year={2007},
  publisher={John Wiley}
}
@article{AOP,
title = "Agent-oriented programming",
journal = "Artificial Intelligence",
volume = "60",
number = "1",
pages = "51 - 92",
year = "1993",
note = "",
issn = "0004-3702",
doi = "DOI: 10.1016/0004-3702(93)90034-9",
url = "http://www.sciencedirect.com/science/article/B6TYF-47YRKMM-5F/2/67503b1d988b7f9e81c0aa318990ed8c",
author = "Yoav Shoham"
}
